@article{Papazov2012:Grasping,
	Author = {Papazov, Chavdar and Haddadin, Sami and Parusel, Sven and Krieger, Kai and Burschka, Darius},
	Journal = {International Journal of Robotics Research},
	Pages = {538--553},
	Title = {Rigid 3D geometry matching for grasping of known objects in cluttered scenes},
	Volume = 31,
	Year = 2012}

@article{Papazov2011:Stochastic,
	Author = {Papazov, Chavdar and Burschka, Darius},
	Journal = {Computer Vision and Image Understanding},
	Month = dec,
	Number = {12},
	Pages = {1598--1609},
	Title = {Stochastic global optimization for robust point set registration},
	Volume = {115},
	Year = {2011}}

@conference{Wagner2013:GPUMotionPlanning,
	Author = {Wagner, Ren{\'e} and Frese, Udo and B{\"a}uml, Berthold},
	Booktitle = {Proceedings of the IEEE International Conference on Robotics and Automation (ICRA 2013)},
	Title = {3D Modeling, Distance and Gradient Computation for Motion Planning: A Direct GPGPU Approach},
	Year = {2013}}

@inproceedings{Birbach2011:Catch,
	Author = {Birbach, Oliver and Frese, Udo and B{\"a}uml, Berthold},
	Booktitle = {IEEE International Conference on Robotics and Automation (ICRA)},
	Pages = {5955-5962},
	Title = {Realtime perception for catching a flying ball with a mobile humanoid},
	Year = {2011}}

@INPROCEEDINGS{DiMarco2012:RoboEarthModel,
author={Di Marco, Daniel and Koch, Andreas and Zweigle, Oliver and H{\"a}ussermann, Kai and Schiessle, Bj{\"o}rn and Levi, Paul and G{\'a}lvez-L{\'o}pez, Dorian and Riazuelo, Luis and Civera, Javier and Montiel, J. M M and Tenorth, Moritz and Perzylo, Alexander and Waibel, Markus and van de Molengraft, Ren{\'e}},
booktitle={IEEE International Conference on Robotics and Automation (ICRA)}, 
title={Creating and using RoboEarth object models},
year={2012},
pages={3549-3550},
keywords={distributed databases;image sensors;robot vision;solid modelling;3D object models;RoboEarth object models;object recognition;robotic vision;Cameras;Computational modeling;Conferences;Distributed databases;Estimation;Robots},
doi={10.1109/ICRA.2012.6224858},
ISSN={1050-4729}}

@article{NeedlemanWunsch1970,
	Author = {Needleman, S. B. and Wunsch, C. D.},
	Journal = {Journal of molecular biology},
	Month = mar,
	Number = {3},
	Pages = {443--453},
	Title = {A general method applicable to the search for similarities in the amino acid sequence of two proteins},
	Volume = {48},
	Year = {1970}}

@article{Powell1964,
	Author = {Powell, Michael J. D},
	Journal = {Computer Journal},
	Number = {2},
	Pages = {155-162},
	Title = {An efficient method for finding the minimum of a function of several variables without calculating derivatives},
	Volume = {7},
	Year = {1964}}

@article{Meijster2002,
	Author = {Meijster, A. and Roerdink, J.B.T.M. and Hesselink, W.H.},
	Journal = {Mathematical Morphology and its applications to image and signal processing},
	Pages = {331--340},
	Title = {A general algorithm for computing distance transforms in linear time},
	Year = {2002}}

@article {WGObjectManipulation,
	title = {Perception, Planning, and Execution for Mobile Manipulation in Unstructured Environments},
	journal = {IEEE Robotics and Automation Magazine, Special Issue on Mobile Manipulation},
	volume = {19},
	year = {2012},
	attachments = {http://www.willowgarage.com/sites/default/files/chitta_ram_2011.pdf},
	author = {Sachin Chitta and Edward Gil Jones and Matei Ciocarlie and Kaijen Hsiao}}

@INPROCEEDINGS{WGGrasping, 
	author={Hsiao, K. and Chitta, S. and Ciocarlie, M. and Jones, E.G.}, 
	booktitle={Intelligent Robots and Systems (IROS), 2010 IEEE/RSJ International Conference on},
	title={Contact-reactive grasping of objects with partial shape information}, 
	year={Oct.}, 
	pages={1228-1235}, 
	keywords={calibration;grippers;mobile robots;tactile sensors;3D sensor data;calibration errors;contact reactive grasping;fingertip sensors;grasp selection;partial shape information;robotic grasping;sensor noise;tactile feedback;unstructured environments}, 
	doi={10.1109/IROS.2010.5649494}, 
	ISSN={2153-0858}}

@inproceedings{Cohen3,
        title = {Search-based Planning for Dual-arm Manipulation with Upright Orientation Constraints},
  	booktitle = {Proceedings of the IEEE International Conference on Robotics and Automation (ICRA)},
        year = {2012},
        publisher = {IEEE},
        address = {St. Paul, Minnesota},
        author = {Benjamin Cohen and Sachin Chitta and Maxim Likhachev}}

@INPROCEEDINGS{Cohen2,
	author = {Benjamin J. Cohen and Gokul Subramanian and Sachin Chitta and Maxim Likhachev},
	title = {Planning for {M}anipulation with {A}daptive {M}otion {P}rimitives},
	booktitle = {Proceedings of the IEEE International Conference on Robotics and Automation (ICRA)},
	year = {2011}}

@INPROCEEDINGS{Cohen,
	author = {Benjamin J. Cohen and Sachin Chitta and Maxim Likhachev},
	title = {Search-based {P}lanning for {M}anipulation with {M}otion {P}rimitives},
	booktitle = {Proceedings of the IEEE International Conference on Robotics and Automation (ICRA)},
	year = {2010}}

@MISC{IterativeSmoother,
	author = {Anderson, Ken},
	title = {Smoother and More Efficient Trajectory Planning},
	month = {July},
	year = {2012},
	url = {http://www.willowgarage.com/blog/2012/07/13/smoother-and-more-efficient-trajectory-planning}}

@article{Fischler1981:RANSAC,
 author = {Fischler, Martin A. and Bolles, Robert C.},
 title = {Random sample consensus: a paradigm for model fitting with applications to image analysis and automated cartography},
 journal = {Commun. ACM},
 issue_date = {June 1981},
 volume = {24},
 number = {6},
 month = jun,
 year = {1981},
 issn = {0001-0782},
 pages = {381--395},
 numpages = {15},
 url = {http://doi.acm.org/10.1145/358669.358692},
 doi = {10.1145/358669.358692},
 acmid = {358692},
 publisher = {ACM},
 address = {New York, NY, USA},
 keywords = {automated cartography, camera calibration, image matching, location determination, model fitting, scene analysis},
}

@INPROCEEDINGS{LikGorThr-ara,
  author = {M. Likhachev and {G. Gordon} and S. Thrun},
  title = {{ARA*}: Anytime {A*} with provable bounds on sub-optimality},
  booktitle = {Advances in Neural Information Processing Systems (NIPS) 16},
  year = {2003},
  publisher = {Cambridge, MA: MIT Press}}

@BOOK{Pearl-heur,
  title = {Heuristics: Intelligent Search Strategies for Computer Problem Solving},
  publisher = {Addison-Wesley},
  year = {1984},
  author = {J. Pearl}}

@inproceedings{NIST2012:BinPicking,
	Author = {Marvel, Jeremy A and Eastman, Roger D and Cheok, Geraldine S and Saidi, Kamel S and Hong, Tsai and Messina, Elena R and Bollinger, Bob and Evans, Paul and Guthrie, Joyce and Hershberger, Eric and Martinez, Carlos and McNamara, Karen and Wells, James},
	Booktitle = {Performance Metrics for Intelligent Systems (PerMIS)},
	Title = {Technology Readiness Levels for Randomized Bin Picking},
	Year = {2012}}

@article{Liu2012:BinPicking,
	Author = {Liu, Ming-Yu and Tuzel, Oncel and Veeraraghavan, Ashok and Taguchi, Yuichi and Marks, Tim K and Chellappa, Rama},
	Journal = {The International Journal of Robotics Research},
	Title = {Fast object localization and pose estimation in heavy clutter for robotic bin picking},
	Year = {2012}}
